<collection xmlns="http://www.loc.gov/MARC21/slim">
<record>
  <leader>02498nam0a2200373 i 450 </leader>
  <controlfield tag="001">IT\ICCU\CNCE\036448</controlfield>
  <controlfield tag="005">20151117000000.0</controlfield>
  <datafield tag="012" ind1=" " ind2=" ">
    <subfield code="a">ra.E dio, r-i- cila (3) 1599 (R)</subfield>
    <subfield code="2">fei</subfield>
  </datafield>
  <datafield tag="100" ind1=" " ind2=" ">
    <subfield code="a">19980505d1599        0itac0103    ba</subfield>
  </datafield>
  <datafield tag="101" ind1=" " ind2=" ">
    <subfield code="a">ITA</subfield>
  </datafield>
  <datafield tag="102" ind1=" " ind2=" ">
    <subfield code="a">IT</subfield>
  </datafield>
  <datafield tag="200" ind1="1" ind2=" ">
    <subfield code="a">℗L&apos;℗Ottomanno di Lazaro Soranzo, doue si da&apos; pieno ragguaglio non solamente della potenza del presente signor de turchi Mehemeto III de gl&apos;interessi, ch&apos;egli h ̉con diuersi prencipi, et di quanta machina contra il christianesimo, et di quello che all&apos;incontro si potrebbe  ̉suo danno oprar da noi; ma ancora di varij popoli, siti, citt,̉ e viaggi, con altri particolari di stato necessarii  ̉sapersi nella presente guerra d&apos;Ongheria</subfield>
  </datafield>
  <datafield tag="210" ind1=" " ind2=" ">
    <subfield code="a">In Milano</subfield>
    <subfield code="c">nella stampa del quon. Pacifico Pontio</subfield>
    <subfield code="d">1599</subfield>
    <subfield code="e">\Milano!</subfield>
    <subfield code="g">ad instanza di Pietro Martire Locarno &amp; Gieronimo Bordone</subfield>
  </datafield>
  <datafield tag="215" ind1=" " ind2=" ">
    <subfield code="a">\32!, 191, \17! p.</subfield>
    <subfield code="d">8ʻ</subfield>
  </datafield>
  <datafield tag="300" ind1=" " ind2=" ">
    <subfield code="a">Altra emissione, senza colophon, reca sul front. anche la sottoscrizione di Locarno e Bordone e la marca di Locarno</subfield>
  </datafield>
  <datafield tag="620" ind1=" " ind2=" ">
    <subfield code="a">IT</subfield>
    <subfield code="d">Milano</subfield>
  </datafield>
  <datafield tag="700" ind1=" " ind2="1">
    <subfield code="a">Soranzo,</subfield>
    <subfield code="b">Lazzaro</subfield>
    <subfield code="3">IT\ICCU\CNCA\009032</subfield>
  </datafield>
  <datafield tag="712" ind1="0" ind2="0">
    <subfield code="a">Bordone, Girolamo &amp; Locarno, Pietro Martire</subfield>
    <subfield code="3">IT\ICCU\CNCT\000565</subfield>
    <subfield code="4">650</subfield>
  </datafield>
  <datafield tag="712" ind1="0" ind2="0">
    <subfield code="a">Da_Ponte, Pacifico - eredi</subfield>
    <subfield code="3">IT\ICCU\CNCT\000026</subfield>
    <subfield code="4">650</subfield>
  </datafield>
  <datafield tag="790" ind1=" " ind2="1">
    <subfield code="a">Superanzo,</subfield>
    <subfield code="b">Lazzaro</subfield>
    <subfield code="3">IT\ICCU\CNCA\024122</subfield>
    <subfield code="z">Soranzo, Lazzaro</subfield>
  </datafield>
  <datafield tag="790" ind1=" " ind2="1">
    <subfield code="a">Soranzo,</subfield>
    <subfield code="b">Lazaro</subfield>
    <subfield code="3">IT\ICCU\CNCA\024123</subfield>
    <subfield code="z">Soranzo, Lazzaro</subfield>
  </datafield>
  <datafield tag="791" ind1="0" ind2="0">
    <subfield code="a">Locarno, Pietro Martire &amp; Bordone, Girolamo</subfield>
    <subfield code="3">IT\ICCU\CNCT\003938</subfield>
    <subfield code="z">Bordone, Girolamo &amp; Locarno, Pietro Martire</subfield>
  </datafield>
  <datafield tag="791" ind1="0" ind2="2">
    <subfield code="a">Pontiani</subfield>
    <subfield code="3">IT\ICCU\CNCT\003716</subfield>
    <subfield code="z">Da_Ponte, Pacifico - eredi</subfield>
  </datafield>
  <datafield tag="801" ind1=" " ind2="3">
    <subfield code="a">IT</subfield>
    <subfield code="b">ICCU</subfield>
    <subfield code="c">20201114</subfield>
  </datafield>
  <datafield tag="899" ind1=" " ind2=" ">
    <subfield code="a">Biblioteca del Seminario vescovile. Casale Monferrato</subfield>
    <subfield code="1">AL0024</subfield>
    <subfield code="2">TO0 L2</subfield>
  </datafield>
  <datafield tag="899" ind1=" " ind2=" ">
    <subfield code="a">Pontificia Biblioteca Antoniana. Padova</subfield>
    <subfield code="1">EX0020</subfield>
    <subfield code="2">PUV 78</subfield>
  </datafield>
  <datafield tag="899" ind1=" " ind2=" ">
    <subfield code="a">Biblioteca nazionale centrale. Firenze</subfield>
    <subfield code="1">FI0098</subfield>
    <subfield code="2">CFI CF</subfield>
  </datafield>
  <datafield tag="899" ind1=" " ind2=" ">
    <subfield code="a">Biblioteca civica Aprosiana. Ventimiglia</subfield>
    <subfield code="1">IM0038</subfield>
    <subfield code="2">LI3 VM</subfield>
  </datafield>
  <datafield tag="899" ind1=" " ind2=" ">
    <subfield code="a">Biblioteca nazionale Braidense. Milano</subfield>
    <subfield code="1">MI0185</subfield>
    <subfield code="2">MIL NB</subfield>
  </datafield>
  <datafield tag="899" ind1=" " ind2=" ">
    <subfield code="a">Biblioteca del Seminario diocesano di Concordia-Pordenone. Pordenone</subfield>
    <subfield code="1">PN0052</subfield>
    <subfield code="2">TSA SC</subfield>
  </datafield>
  <datafield tag="899" ind1=" " ind2=" ">
    <subfield code="a">Biblioteca comunale. Trento</subfield>
    <subfield code="z">MUTILO</subfield>
    <subfield code="1">TN0121</subfield>
    <subfield code="2">ZTN 01</subfield>
  </datafield>
  <datafield tag="899" ind1=" " ind2=" ">
    <subfield code="a">British Library. London</subfield>
    <subfield code="1">UK0001</subfield>
  </datafield>
  <datafield tag="911" ind1=" " ind2=" ">
    <subfield code="a">Sul front.</subfield>
    <subfield code="9">IT\ICCU\CNCM\002187</subfield>
  </datafield>
  <datafield tag="921" ind1=" " ind2=" ">
    <subfield code="a">IT\ICCU\CNCM\002187</subfield>
    <subfield code="b">Fenice su fiamme che si sprigionano da anfora recante le iniziali G.B.P. L&apos;anfora  ̈sorretta da due satiri alati.</subfield>
    <subfield code="e">1) De la mia morte eterna vita i vivo; 2) Semper eadem</subfield>
    <subfield code="c">U723</subfield>
    <subfield code="f">FENICE</subfield>
    <subfield code="f">ANFORA</subfield>
    <subfield code="f">GBP</subfield>
    <subfield code="g">1599-1600</subfield>
  </datafield>
</record>
</collection>
